%% This BibTeX bibliography file was created using BibDesk.
%% http://bibdesk.sourceforge.net/


%% Created for Myrna Merced Serrano at 2011-02-26 10:16:34 -0500 


%% Saved with string encoding Unicode (UTF-8) 



@electronic{kinect,
	Date-Added = {2011-02-25 12:53:48 -0500},
	Date-Modified = {2011-02-25 12:54:11 -0500},
	Title = {Kinect},
	Url = {http://www.xbox.com/en-US/kinect}}

@electronic{computerVideoGamesHistory,
	Author = {Bellis, Mary},
	Date-Added = {2011-02-25 11:25:22 -0500},
	Date-Modified = {2011-02-26 10:16:25 -0500},
	Title = {Computer and Video Game History -  Early arcade machines, the history of home consoles. and the history of the video game},
	Url = {http://inventors.about.com/library/inventors/blcomputer_videogames.htm}}

@electronic{seventhGenerationGames,
	Date-Added = {2011-02-25 10:58:29 -0500},
	Date-Modified = {2011-02-25 11:01:29 -0500},
	Month = {February},
	Title = {History of video game consoles (seventh generation)},
	Url = {http://en.wikipedia.org/wiki/History_of_video_game_consoles_(seventh_generation)},
	Year = {2011}}

@article{videogamesFuture,
	Author = {Shaffer, D. W. and Squire, K. D. and Halverson, R. and Gee, J. P.},
	Citeulike-Article-Id = {384140},
	Citeulike-Linkout-0 = {http://www.wcer.wisc.edu/publications/workingPapers/Working\_Paper\_No\_2005\_4.pdf},
	Date-Added = {2011-02-25 10:45:53 -0500},
	Date-Modified = {2011-02-25 10:46:14 -0500},
	Journal = {Phi Delta Kappan},
	Keywords = {computers, games, gmx, learning, mathematics, mathgamespatterns},
	Number = {2},
	Pages = {104--111},
	Posted-At = {2005-11-08 17:57:05},
	Priority = {4},
	Title = {{Video Games and the Future of Learning}},
	Url = {http://www.wcer.wisc.edu/publications/workingPapers/Working\_Paper\_No\_2005\_4.pdf},
	Volume = {87},
	Year = {2005},
	Bdsk-Url-1 = {http://www.wcer.wisc.edu/publications/workingPapers/Working%5C_Paper%5C_No%5C_2005%5C_4.pdf}}

@article{educationalGame,
	Author = {Brown, S. J. and Lieberman, D. A. and Gemeny, B. A. and Fan, Y. C. and Wilson, D. M. and Pasta, D. J.},
	Date-Added = {2011-02-25 10:12:14 -0500},
	Date-Modified = {2011-02-25 10:12:26 -0500},
	Doi = {10.3109/14639239709089835},
	Eprint = {http://informahealthcare.com/doi/pdf/10.3109/14639239709089835},
	Journal = {Informatics for Health and Social Care},
	Number = {1},
	Pages = {77-89},
	Title = {Educational video game for juvenile diabetes: results of a controlled trial},
	Url = {http://informahealthcare.com/doi/abs/10.3109/14639239709089835},
	Volume = {22},
	Year = {1997},
	Bdsk-Url-1 = {http://informahealthcare.com/doi/abs/10.3109/14639239709089835},
	Bdsk-Url-2 = {http://dx.doi.org/10.3109/14639239709089835}}

@article{predictingPeoplePlayGames,
	Abstract = {We examine learning in all experiments we could locate involving 100 periods or more of games with a unique equilibrium in mixed strategies, and in a new experiment. We study both the ex post ("best fit") descriptive power of learning models, and their ex ante predictive power, by simulating each experiment using parameters estimated from the other experiments. Even a one-parameter reinforcement learning model robustly outperforms the equilibrium predictions. Predictive power is improved by adding "forgetting" and "experimentation," or by allowing greater rationality as in probabilistic fictitious play. Implications for developing a low-rationality, cognitive game theory are discussed.},
	Author = {Erev, Ido and Roth, Alvin E.},
	Copyright = {Copyright {\copyright} 1998 American Economic Association},
	Date-Added = {2011-02-25 10:09:57 -0500},
	Date-Modified = {2011-02-25 10:10:16 -0500},
	Issn = {00028282},
	Journal = {The American Economic Review},
	Jstor_Articletype = {research-article},
	Jstor_Formatteddate = {Sep., 1998},
	Language = {English},
	Number = {4},
	Pages = {pp. 848-881},
	Publisher = {American Economic Association},
	Title = {Predicting How People Play Games: Reinforcement Learning in Experimental Games with Unique, Mixed Strategy Equilibria},
	Url = {http://www.jstor.org/stable/117009},
	Volume = {88},
	Year = {1998},
	Bdsk-Url-1 = {http://www.jstor.org/stable/117009}}

@inproceedings{enjoyableGames,
	Acmid = {801756},
	Address = {New York, NY, USA},
	Author = {Malone, Thomas W.},
	Booktitle = {Proceedings of the 1982 conference on Human factors in computing systems},
	Date-Added = {2011-02-25 10:05:11 -0500},
	Date-Modified = {2011-02-25 10:05:26 -0500},
	Doi = {http://doi.acm.org/10.1145/800049.801756},
	Location = {Gaithersburg, Maryland, United States},
	Numpages = {6},
	Pages = {63--68},
	Publisher = {ACM},
	Series = {CHI '82},
	Title = {Heuristics for designing enjoyable user interfaces: Lessons from computer games},
	Url = {http://doi.acm.org/10.1145/800049.801756},
	Year = {1982},
	Bdsk-Url-1 = {http://doi.acm.org/10.1145/800049.801756}}

@inproceedings{requirementsVideogamesIndustry,
	Acmid = {1100634},
	Address = {Washington, DC, USA},
	Author = {Callele, David and Neufeld, Eric and Schneider, Kevin},
	Booktitle = {Proceedings of the 13th IEEE International Conference on Requirements Engineering},
	Date-Added = {2011-02-24 20:07:44 -0500},
	Date-Modified = {2011-02-25 10:06:44 -0500},
	Doi = {10.1109/RE.2005.58},
	Isbn = {0-7695-2425-7},
	Keywords = {Non-functional requirements, elicitation,video game development, game design document, preproduction,production, domain-specific terminology.},
	Numpages = {13},
	Pages = {240--252},
	Publisher = {IEEE Computer Society},
	Title = {Requirements Engineering and the Creative Process in the Video Game Industry},
	Url = {http://portal.acm.org/citation.cfm?id=1099549.1100634},
	Year = {2005},
	Bdsk-Url-1 = {http://portal.acm.org/citation.cfm?id=1099549.1100634},
	Bdsk-Url-2 = {http://dx.doi.org/10.1109/RE.2005.58}}

@article{developmentVideogamesIndustry,
	Acmid = {1481761},
	Address = {Armonk, NY, USA},
	Author = {Arakji, Reina and Lang, Karl},
	Date-Added = {2011-02-24 19:49:47 -0500},
	Date-Modified = {2011-02-25 10:06:06 -0500},
	Doi = {10.2753/MIS0742-1222240208},
	Issn = {0742-1222},
	Issue = {2},
	Journal = {J. Manage. Inf. Syst.},
	Keywords = {Digital Entertainment, Innovation, Outsourcing, Producer-Consumer Collaboration, User-Generated Content, Video Games},
	Month = {October},
	Numpages = {25},
	Pages = {195--219},
	Publisher = {M. E. Sharpe, Inc.},
	Title = {Digital Consumer Networks and Producer-Consumer Collaboration: Innovation and Product Development in the Video Game Industry},
	Url = {http://portal.acm.org/citation.cfm?id=1481752.1481761},
	Volume = {24},
	Year = {2007},
	Bdsk-Url-1 = {http://portal.acm.org/citation.cfm?id=1481752.1481761},
	Bdsk-Url-2 = {http://dx.doi.org/10.2753/MIS0742-1222240208}}

@article{documentFlocking,
	Author = {Xiaohui Cui and Jinzhu Gao and Thomas E. Potok},
	Date-Added = {2011-02-24 18:58:40 -0500},
	Date-Modified = {2011-02-24 18:59:07 -0500},
	Doi = {DOI: 10.1016/j.sysarc.2006.02.003},
	Issn = {1383-7621},
	Journal = {Journal of Systems Architecture},
	Keywords = {F-measure},
	Note = {Nature-Inspired Applications and Systems},
	Number = {8-9},
	Pages = {505 - 515},
	Title = {A flocking based algorithm for document clustering analysis},
	Url = {http://www.sciencedirect.com/science/article/B6V1F-4JRVCNR-1/2/138b7430b5c48622e67acf0100eb394c},
	Volume = {52},
	Year = {2006},
	Bdsk-Url-1 = {http://www.sciencedirect.com/science/article/B6V1F-4JRVCNR-1/2/138b7430b5c48622e67acf0100eb394c},
	Bdsk-Url-2 = {http://dx.doi.org/10.1016/j.sysarc.2006.02.003}}

@inproceedings{flockingFormulas,
	Author = {Moere, A.V.},
	Booktitle = {Information Visualization, 2004. INFOVIS 2004. IEEE Symposium on},
	Date-Added = {2011-02-24 18:53:44 -0500},
	Date-Modified = {2011-02-25 11:28:00 -0500},
	Doi = {10.1109/INFVIS.2004.65},
	Issn = {1522-404X},
	Keywords = {3D information visualization;artificial life;automatic shape generation;database querying;dynamic data alteration;information flocking boids;real-time data similarity;rule-based behavior system;self-organization simulation;stock market;temporal data evolution;time-varying data visualization;artificial life;data visualisation;interactive systems;motion estimation;pattern recognition;query processing;temporal databases;},
	Pages = {97 -104},
	Title = {Time-Varying Data Visualization Using Information Flocking Boids},
	Year = {2004},
	Bdsk-Url-1 = {http://dx.doi.org/10.1109/INFVIS.2004.65}}
